@misc{vu2022hybridnets,
  title         = {HybridNets: End-to-End Perception Network},
  author        = {Dat Vu and Bao Ngo and Hung Phan},
  year          = {2022},
  eprint        = {2203.09035},
  archiveprefix = {arXiv},
  primaryclass  = {cs.CV}
}
@article{wang2022yolov7,
  title   = {{YOLOv7}: Trainable bag-of-freebies sets new state-of-the-art for real-time object detectors},
  author  = {Wang, Chien-Yao and Bochkovskiy, Alexey and Liao, Hong-Yuan Mark},
  journal = {arXiv preprint arXiv:2207.02696},
  year    = {2022}
}
@article{wu2022yolop,
  title     = {Yolop: You only look once for panoptic driving perception},
  author    = {Wu, Dong and Liao, Man-Wen and Zhang, Wei-Tian and Wang, Xing-Gang and Bai, Xiang and Cheng, Wen-Qing and Liu, Wen-Yu},
  journal   = {Machine Intelligence Research},
  pages     = {1--13},
  year      = {2022},
  publisher = {Springer}
}
@article{jayasinghe2022towards,
  title   = {Towards Real-time Traffic Sign and Traffic Light Detection on Embedded Systems},
  author  = {Jayasinghe, Oshada and Hemachandra, Sahan and Anhettigama, Damith and Kariyawasam, Shenali and Wickremasinghe, Tharindu and Ekanayake, Chalani and Rodrigo, Ranga and Jayasekara, Peshala},
  journal = {arXiv preprint arXiv:2205.02421},
  year    = {2022}
}